<record><leader>02983cpcaa2200493Ia 45 0</leader><controlfield tag="001">ocn240250092</controlfield><controlfield tag="003">OCoLC</controlfield><controlfield tag="005">20150401015215.0</controlfield><controlfield tag="008">080807i17981955lau                 eng d</controlfield><datafield ind1=" " ind2=" " tag="035"><subfield code="a">(OCoLC)240250092</subfield></datafield><datafield ind1=" " ind2=" " tag="049"><subfield code="a">LUUU</subfield></datafield><datafield ind1=" " ind2=" " tag="040"><subfield code="a">LUU</subfield><subfield code="b">eng</subfield><subfield code="e">appm</subfield><subfield code="c">LUU</subfield><subfield code="d">LUU</subfield><subfield code="d">OCLCO</subfield><subfield code="d">LUU</subfield></datafield><datafield ind1="1" ind2=" " tag="100"><subfield code="a">Waller, William G.,</subfield><subfield code="d">1813-1891.</subfield></datafield><datafield ind1="1" ind2="0" tag="245"><subfield code="a">William Waller survey collection,</subfield><subfield code="f">circa 1798-1955.</subfield></datafield><datafield ind1=" " ind2=" " tag="300"><subfield code="a">9</subfield><subfield code="f">linear ft.</subfield></datafield><datafield ind1=" " ind2=" " tag="300"><subfield code="a">1</subfield><subfield code="f">microfilm reel.</subfield></datafield><datafield ind1=" " ind2=" " tag="500"><subfield code="a">This manuscript group includes materials originally accessioned as Mss. 3592, 3910, 4326.</subfield></datafield><datafield ind1=" " ind2=" " tag="545"><subfield code="a">William G. Waller and his brother Henry were parish surveyors for East Baton Rouge Parish, Louisiana during the latter half of the nineteenth century.</subfield></datafield><datafield ind1=" " ind2=" " tag="520"><subfield code="a">Plats, legal documents, notes, and correspondence related to surveys of the City of Baton Rouge; East and West Baton Rouge Parishes; and Greensburg, St. Helena, and Southeast Land Districts.  Plats of other parishes in south Louisiana are also included.  Collection contains the work of the Waller brothers and other surveyors, including Renier Swart, William McColloch, and Andre Lesage.</subfield></datafield><datafield ind1=" " ind2=" " tag="540"><subfield code="a">Physical rights are retained by the LSU Libraries. Copyright is retained in accordance with U. S. copyright laws.</subfield></datafield><datafield ind1=" " ind2=" " tag="530"><subfield code="a">Some items available on microfilm.</subfield></datafield><datafield ind1=" " ind2=" " tag="506"><subfield code="a">Originals housed in the vault are not to be accessed. Use microfilm.</subfield></datafield><datafield ind1=" " ind2=" " tag="555"><subfield code="a">Container list available.</subfield></datafield><datafield ind1=" " ind2=" " tag="524"><subfield code="a">William Waller Survey Collection, Mss. 3592, 3910, 4326, Louisiana and Lower Mississippi Valley Collections, LSU Libraries, Baton Rouge, La.</subfield></datafield><datafield ind1=" " ind2="0" tag="651"><subfield code="a">Baton Rouge (La.)</subfield><subfield code="v">Surveys.</subfield></datafield><datafield ind1=" " ind2="0" tag="651"><subfield code="a">East Baton Rouge Parish (La.)</subfield><subfield code="v">Surveys.</subfield></datafield><datafield ind1=" " ind2="0" tag="651"><subfield code="a">West Baton Rouge Parish (La.)</subfield><subfield code="v">Surveys.</subfield></datafield><datafield ind1=" " ind2="0" tag="651"><subfield code="a">Greensburg Land District (La.)</subfield><subfield code="v">Surveys.</subfield></datafield><datafield ind1=" " ind2="0" tag="651"><subfield code="a">Saint Helena Land District (La.)</subfield><subfield code="v">Surveys.</subfield></datafield><datafield ind1=" " ind2="0" tag="651"><subfield code="a">Southeast Land District (La.)</subfield><subfield code="v">Surveys.</subfield></datafield><datafield ind1=" " ind2="7" tag="655"><subfield code="a">Land surveys.</subfield><subfield code="2">aat</subfield></datafield><datafield ind1=" " ind2="7" tag="655"><subfield code="a">Plats (maps)</subfield><subfield code="2">aat</subfield></datafield><datafield ind1="1" ind2=" " tag="700"><subfield code="a">Waller, Henry,</subfield><subfield code="d">1808-1854.</subfield></datafield><datafield ind1="1" ind2=" " tag="700"><subfield code="a">Swart, R.</subfield><subfield code="q">(Renier)</subfield></datafield><datafield ind1="1" ind2=" " tag="700"><subfield code="a">Lesage, Andr&#233;.</subfield></datafield><datafield ind1=" " ind2=" " tag="851"><subfield code="a">Louisiana and Lower Mississippi Valley Collections, LSU Libraries, Baton Rouge, LA 70803-3300</subfield></datafield><datafield ind1=" " ind2=" " tag="994"><subfield code="a">C0</subfield><subfield code="b">LUU</subfield></datafield><datafield ind1="4" ind2="2" tag="856"><subfield code="3">Finding aid:</subfield><subfield code="u">http://www.lib.lsu.edu/sites/default/files/sc/findaid/3592m.pdf</subfield></datafield><datafield ind1="4" ind2="1" tag="856"><subfield code="3">Collection homepage:</subfield><subfield code="u">http://louisianadigitallibrary.org/islandora/object/lsu-sc-p16313coll57:collection</subfield></datafield><datafield ind1=" " ind2=" " tag="999"><subfield code="a">MSS.MF:W</subfield><subfield code="w">ALPHANUM</subfield><subfield code="c">1</subfield><subfield code="i">1262113-1001</subfield><subfield code="l">LLMVC</subfield><subfield code="m">SPEC_COLL</subfield><subfield code="r">Y</subfield><subfield code="s">Y</subfield><subfield code="t">ARCH-MSS</subfield><subfield code="u">11/27/2001</subfield><subfield code="x">MANUSCRIPT</subfield></datafield><datafield ind1=" " ind2=" " tag="999"><subfield code="a">VAULT:72</subfield><subfield code="w">ALPHANUM</subfield><subfield code="c">1</subfield><subfield code="i">1262113-2001</subfield><subfield code="l">LLMVC</subfield><subfield code="m">SPEC_COLL</subfield><subfield code="r">Y</subfield><subfield code="s">Y</subfield><subfield code="t">ARCH-MSS</subfield><subfield code="u">11/27/2001</subfield><subfield code="x">MANUSCRIPT</subfield></datafield><datafield ind1=" " ind2=" " tag="999"><subfield code="a">Z:27</subfield><subfield code="w">ALPHANUM</subfield><subfield code="c">1</subfield><subfield code="i">1262113-3001</subfield><subfield code="l">LLMVC</subfield><subfield code="m">SPEC_COLL</subfield><subfield code="r">Y</subfield><subfield code="s">Y</subfield><subfield code="t">ARCH-MSS</subfield><subfield code="u">9/8/2003</subfield><subfield code="x">MANUSCRIPT</subfield></datafield><datafield ind1=" " ind2=" " tag="999"><subfield code="a">7:47-49, 56</subfield><subfield code="w">ALPHANUM</subfield><subfield code="c">1</subfield><subfield code="i">1262113-4001</subfield><subfield code="l">LLMVC</subfield><subfield code="m">SPEC_COLL</subfield><subfield code="r">Y</subfield><subfield code="s">Y</subfield><subfield code="t">ARCH-MSS</subfield><subfield code="u">9/8/2003</subfield><subfield code="x">MANUSCRIPT</subfield></datafield><datafield ind1=" " ind2=" " tag="999"><subfield code="a">104:-105:</subfield><subfield code="w">ALPHANUM</subfield><subfield code="c">1</subfield><subfield code="i">1262113-5001</subfield><subfield code="l">LLMVC</subfield><subfield code="m">SPEC_COLL</subfield><subfield code="r">Y</subfield><subfield code="s">Y</subfield><subfield code="t">ARCH-MSS</subfield><subfield code="u">8/7/2008</subfield><subfield code="x">MANUSCRIPT</subfield></datafield></record>